@INPROCEEDINGS{7729190, 
author={Z. Wang and Y. Zhang and Z. Chen and H. Yang and Y. Sun and J. Kang and Y. Yang and X. Liang}, 
booktitle={2016 IEEE International Geoscience and Remote Sensing Symposium (IGARSS)}, 
title={Application of ReliefF algorithm to selecting feature sets for classification of high resolution remote sensing image}, 
year={2016}, 
volume={}, 
number={}, 
pages={755-758}, 
keywords={feature selection;image classification;remote sensing;ReliefF algorithm;classification accuracy;dimensionality reduction method;feature selection;high-resolution remote sensing image classification;multiple random selection;redundant analysis;Algorithm design and analysis;Classification algorithms;Euclidean distance;Feature extraction;Image resolution;Remote sensing;Shape;ReliefF algorithm;classification;feature selection},  
month={July},}

@article{DBLP:journals/corr/HannunCCCDEPSSCN14,
  author    = {Awni Y. Hannun and
               Carl Case and
               Jared Casper and
               Bryan Catanzaro and
               Greg Diamos and
               Erich Elsen and
               Ryan Prenger and
               Sanjeev Satheesh and
               Shubho Sengupta and
               Adam Coates and
               Andrew Y. Ng},
  title     = {Deep Speech: Scaling up end-to-end speech recognition},
  journal   = {CoRR},
  volume    = {abs/1412.5567},
  year      = {2014},
  archivePrefix = {arXiv},
  eprint    = {1412.5567},
  timestamp = {Wed, 07 Jun 2017 14:42:46 +0200},
}
maintained by Schloss Dagstuhl LZI at University of Trier	homebrowsesearchabout

@inproceedings{Sadilek:2013:MIL:2433396.2433476,
 author = {Sadilek, Adam and Kautz, Henry},
 title = {Modeling the Impact of Lifestyle on Health at Scale},
 booktitle = {Proceedings of the Sixth ACM International Conference on Web Search and Data Mining},
 series = {WSDM '13},
 year = {2013},
 isbn = {978-1-4503-1869-3},
 location = {Rome, Italy},
 pages = {637--646},
 numpages = {10},
 acmid = {2433476},
 publisher = {ACM},
 address = {New York, NY, USA},
 keywords = {computational epidemiology, geo-temporal modeling, machine learning, online social networks, ubiquitous computing},
} 

@article{de2013predicting,
  title={Predicting Depression via Social Media.},
  author={De Choudhury, Munmun and Gamon, Michael and Counts, Scott and Horvitz, Eric},
  journal={ICWSM},
  volume={13},
  pages={1--10},
  year={2013}
}

@article{Kononenko:2001:MLM:2306296.2306356,
 author = {Kononenko, Igor},
 title = {Machine Learning for Medical Diagnosis: History, State of the Art and Perspective},
 journal = {Artif. Intell. Med.},
 issue_date = {August, 2001},
 volume = {23},
 number = {1},
 month = aug,
 year = {2001},
 issn = {0933-3657},
 pages = {89--109},
 numpages = {21},
 acmid = {2306356},
 publisher = {Elsevier Science Publishers Ltd.},
 address = {Essex, UK},
 keywords = {Kirlian camera, Machine learning, Medical diagnosis, Reliability of prediction},
} 

@article{Alfonso,
author={Dâ€™Alfonso S, Santesteban-Echarri O, Rice S},
title={Artificial Intelligence-Assisted Online Social Therapy for Youth Mental Health},
journal={Frontiers in Psychology},
issue_date={2017},
volume={8},
number={796},
}

@INPROCEEDINGS{5202725, 
author={M. De Choudhury and H. Sundaram and Y. R. Lin and A. John and D. D. Seligmann}, 
booktitle={2009 IEEE International Conference on Multimedia and Expo}, 
title={Connecting content to community in social media via image content, user tags and user communication}, 
year={2009}, 
volume={}, 
number={}, 
pages={1238-1241}, 
keywords={image representation;learning (artificial intelligence);social networking (online);Flickr images;feedback;image content;latent space representation;learning;online social media;recommendation framework;social interaction;user communication;user communication history;user generated text tags;visual features;Art;Character generation;Collaboration;Feature extraction;Feedback;Frequency;History;Image analysis;Joining processes;Technical Activities Guide -TAG}, 
ISSN={1945-7871}, 
month={June},}

@INPROCEEDINGS{4663330, 
author={Y. Wu and G. Wang and W. Li and Z. Li}, 
booktitle={2008 IFIP International Conference on Network and Parallel Computing}, 
title={Automatic Chatbot Knowledge Acquisition from Online Forum via Rough Set and Ensemble Learning}, 
year={2008}, 
volume={}, 
number={}, 
pages={242-246}, 
keywords={knowledge acquisition;learning (artificial intelligence);natural language processing;pattern classification;rough set theory;automatic chatbot knowledge acquisition;classification model;ensemble learning;online forum;rough set classifier;Artificial intelligence;Discussion forums;Impedance matching;Internet;Knowledge acquisition;Knowledge management;Parallel processing;Process control;Support vector machine classification;Support vector machines;Chatbot;Ensemble Learning;Knowledge Acquisition;Rough Set}, 
ISSN={}, 
month={Oct},}

@ARTICLE{6879475, 
author={P. J. F. White and B. W. Podaima and M. R. Friesen}, 
journal={IEEE Access}, 
title={Algorithms for Smartphone and Tablet Image Analysis for Healthcare Applications}, 
year={2014}, 
volume={2}, 
number={}, 
pages={831-840}, 
keywords={Android (operating system);image sensors;medical image processing;mobile computing;notebook computers;object tracking;patient diagnosis;sensor fusion;smart phones;Android smartphones;autofocus data;chronic wounds;custom pinch-zoom approach;custom sensor fusion;depth computing;eHealth;feature tracking;healthcare applications;healthcare delivery;image analysis algorithms;inertial sensors;integrated camera;irregularly shaped images;mHealth;mobile app;mobile health;noncontact measurements;personal care home;pressure ulcers;tablet image analysis;tablets;video stream;wound care;Algorithm design and analysis;Biomedical image processing;Electronic medical records;Image analysis;Image sensors;Mobile communication;Smart phones;Algorithms;image analysis;smartphones;wound care}, 
ISSN={2169-3536}, 
month={},}

